# Literatur

@book{hoffmann_software_qualitat_2013,
	address = {Berlin, Heidelberg},
	series = {{eXamen}.press},
	title = {Software-{Qualität}},
	isbn = {978-3-642-35699-5 978-3-642-35700-8},
	publisher = {Springer Berlin Heidelberg},
	author = {Hoffmann, Dirk W.},
	year = {2013},
}

@book{scrum_kurz_gut_2013,
	address = {Beijing Cambridge Farnham Köln Sebastopol, Tokyo},
	edition = {1. Auflage},
	series = {O'{Reillys} {Taschenbibliothek}},
	title = {Scrum: kurz \& gut},
	isbn = {978-3-86899-833-7},
	publisher = {O'Reilly},
	author = {Dräther, Rolf and Koschek, Holger and Sahling, Carsten},
	year = {2013},
}

@book{davis_agile_2015,
	address = {Greenwich, CT, USA},
	edition = {1st},
	title = {Agile {Metrics} in {Action}: {Measuring} and {Enhancing} the {Performance} of {Agile} {Teams}},
	isbn = {978-1-61729-248-4},
	shorttitle = {Agile {Metrics} in {Action}},
	abstract = {Project tracking systems, test and build tools, source control, continuous integration, and other built-in parts of the software development lifecycle generate a wealth of data that can be used to track and improve the quality and performance of products, processes, and teams. Although the iterative nature of Agile development is perfect for data-driven continuous improvement, the collection, analysis, and application of meaningful metrics often fades in favor of subjective measures that offer less insight into the real challenges of making better software. Agile Metrics in Action: Measuring and enhancing the performance of Agile teams is a practical book that shows how to take the data already being generated to make teams, processes, and products better. It points out which metrics to use to objectively measure performance and what data really counts, along with where to find it, how to get it, and how to analyze it. The book also shows how all team members can publish their own metrics through dashboards and radiators, taking charge of communicating performance and individual accountability. Along the way, it offers practical data analysis techniques, including a few emerging Big Data practices. Purchase of the print book includes a free eBook in PDF, Kindle, and ePub formats from Manning Publications. Normal 0 false false false EN-US JA X-NONE /* Style Definitions */ table.MsoNormalTable \{mso-style-name:"Table Normal"; mso-tstyle-rowband-size:0; mso-tstyle-colband-size:0; mso-style-noshow:yes; mso-style-priority:99; mso-style-parent:""; mso-padding-alt:0in 5.4pt 0in 5.4pt; mso-para-margin:0in; mso-para-margin-bottom:.0001pt; mso-pagination:widow-orphan; font-size:10.0pt; font-family:"Times New Roman",serif; mso-fareast-language:JA;\} Normal 0 false false false EN-US JA X-NONE /* Style Definitions */ table.MsoNormalTable \{mso-style-name:"Table Normal"; mso-tstyle-rowband-size:0; mso-tstyle-colband-size:0; mso-style-noshow:yes; mso-style-priority:99; mso-style-parent:""; mso-padding-alt:0in 5.4pt 0in 5.4pt; mso-para-margin:0in; mso-para-margin-bottom:.0001pt; mso-pagination:widow-orphan; font-size:10.0pt; font-family:"Times New Roman","serif"; mso-fareast-language:JA;\}},
	publisher = {Manning Publications Co.},
	author = {Davis, Christopher W. H.},
	year = {2015}
}

@book{abts_masterkurs_2009,
	title = {Masterkurs {Wirtschaftsinformatik}: {Kompakt}, praxisnah, verständlich - 12 {Lern}- und {Arbeitsmodule}},
	isbn = {978-3-8348-0002-2},
	shorttitle = {Masterkurs {Wirtschaftsinformatik}},
	abstract = {Dieses neuartige Lehrbuch gibt den Studierenden der neuen Masterstudiengänge in zwölf Lern- und Arbeitsmodulen die Grundlage für einen sicheren Studien- und Prüfungserfolg. Der Studierende wird nicht mit Wissen zugeschüttet, sondern kann sich auf der Grundlage einer sehr guten Übersicht alle relevanten Themengebiete selbstständig erarbeiten. Die Module sind alle gleichermaßen aufgebaut. Ausgehend von bestehendem Grundwissen werden exemplarisch Aufgabenstellungen vorgestellt, die vom Leser sukzessive gelöst werden. Tests, Projektarbeiten, Fallstudien und weitere Aufgaben unterstützen den Selbstlern-Effekt. Das Buch zeichnet sich durch ein hohes Maß an Verständlichkeit und Praxisnähe aus. Ein Buch, das den Leser an die Hand nimmt, ohne ihn zu bevormunden. Der Inhalt: IT-Anwendungen - IT-Architekturen - IT-Management - IT-Anwendungsentwicklung Die Zielgruppe: Studierende in den (bisherigen) Diplom- und neuen Masterstudiengängen (Master in Information Systems, Master Wirtschaftsinformatik, Master in Business Administration...) Die Autoren: Die Autoren lehren im Fach Wirtschaftsinformatik (Information Systems) der Hochschule Niederrhein und verfügen über umfangreiche Praxis- und Forschungserfahrungen.},
	language = {de},
	publisher = {Springer-Verlag},
	author = {Abts, Dietmar and Mülder, Wilhelm},
	month = oct,
	year = {2009},
	keywords = {Business \& Economics / Information Management, Computers / Information Technology}
}

@book{wagner_software_2013,
	address = {New York},
	edition = {2013},
	title = {Software {Product} {Quality} {Control}},
	isbn = {978-3-642-38570-4},
	abstract = {Quality is not a fixed or universal property of software; it depends on the context and goals of its stakeholders. Hence, when you want to develop a high-quality software system, the first step must be a clear and precise specification of quality. Yet even if you get it right and complete, you can be sure that it will become invalid over time. So the only solution is continuous quality control: the steady and explicit evaluation of a productâs properties with respect to its updated quality goals.This book guides you in setting up and running continuous quality control in your environment. Starting with a general introduction on the notion of quality, it elaborates what the differences between process and product quality are and provides definitions for quality-related terms often used without the required level of precision. On this basis, the work then discusses quality models as the foundation of quality control, explaining how to plan desired product qualities and how to ensure they are delivered throughout the entire lifecycle. Next it presents the main concepts and techniques of continuous quality control, discussing the quality control loop and its main techniques such as reviews or testing. In addition to sample scenarios in all chapters, the book is rounded out by a dedicated chapter highlighting several applications of different subsets of the presented quality control techniques in an industrial setting. The book is primarily intended for practitioners working in software engineering or quality assurance, who will benefit by learning how to improve their current processes, how to plan for quality, and how to apply state-of-the-art quality control techniques. Students and lecturers in computer science and specializing in software engineering will also profit from this book, which they can use in practice-oriented courses on software quality, software maintenance and quality assurance.},
	language = {Englisch},
	publisher = {Springer},
	author = {Wagner, Stefan},
	month = aug,
	year = {2013}
}

# Paper

@article{ieee-1061, 
	journal = {IEEE Std. 1061-1998}, 
	title = {IEEE Standard for a Software Quality Metrics Methodology}, 
	year= {1998}
}

@misc{basili_goal_nodate,
	title = {{THE} {GOAL} {QUESTION} {METRIC} {APPROACH}},
	url = {http://www.cs.umd.edu/~mvz/handouts/gqm.pdf},
	language = {en},
	author = {Basili, Victor R and Caldiera, Gianluigi and Rombach, H Dieter}
}

# Webseiten

@misc{scrum,
	title = {Scrum},
	url = {http://www.scrum.org},
	abstract = {The Home of Scrum},
	urldate = {2018-01-05},
	journal = {Scrum.org}
}

@misc{agile_manifest,
	title = {Manifest für {Agile} {Softwareentwicklung}},
	url = {http://agilemanifesto.org/iso/de/manifesto.html},
	urldate = {2018-03-16}
}

@misc{agile_principles,
	title = {Prinzipien hinter dem {Agilen} {Manifest}},
	url = {http://agilemanifesto.org/iso/de/principles.html},
	urldate = {2018-03-16}
}

@misc{mit_license,
	title = {MIT Lizenz},
	url = {https://choosealicense.com/licenses/mit/},
	urldate = {2018-05-31}
}

@misc{agile_metrics_repo,
	title = {GitHub Repository - Agile Metrics},
	url = {https://github.com/DaGrisa/agile-metrics},
	urldate = {2018-05-31}
}

@misc{agile_metrics_page,
	title = {GitHub Pages - Agile Metrics},
	url = {https://dagrisa.github.io/agile-metrics/},
	urldate = {2018-05-31}
}

@misc{travis_agile_metrics,
	title = {Travis CI - Agile Metrics},
	url = {https://travis-ci.org/DaGrisa/agile-metrics},
	urldate = {2018-05-31}
}

@misc{sonarcloud_agile_metrics,
	title = {SonarCloud - Agile Metrics},
	url = {https://sonarcloud.io/dashboard?id=at.grisa.agile-metrics%3Aagile-metrics},
	urldate = {2018-05-31}
}

@misc{sos,
	title = {Scrum of {Scrums} {\textbar} {Agile} {Alliance}},
	url = {https://www.agilealliance.org/glossary/scrum-of-scrums/},
	urldate = {2018-06-06}
}

@misc{less,
	title = {Overview - {Large} {Scale} {Scrum} ({LeSS})},
	url = {https://less.works/less/framework/index.html},
	urldate = {2018-06-06}
}

@misc{scale,
	title = {The {Scrum} At {Scale®} {Guide}},
	url = {https://www.scrumatscale.com/scrum-at-scale-guide-read-online/},
	language = {en-US},
	urldate = {2018-06-06},
	journal = {Scrum@Scale}
}

# Produkte

@misc{jmeter,
	title = {Apache {JMeter} - {Apache} {JMeter}™},
	url = {https://jmeter.apache.org/},
	urldate = {2018-03-29}
}

@misc{gatling,
	title = {Gatling {Load} and {Performance} testing - {Open}-source load and performance testing},
	url = {https://gatling.io/},
	abstract = {Gatling is a powerful open-source load and performance testing tool for web applications. Download Gatling and start testing now!},
	language = {en-US},
	urldate = {2018-03-29},
	journal = {Gatling Load and Performance testing}
}

@misc{statsd,
	title = {statsd: {Daemon} for easy but powerful stats aggregation},
	copyright = {MIT},
	shorttitle = {statsd},
	url = {https://github.com/etsy/statsd},
	urldate = {2018-03-29},
	publisher = {Etsy, Inc.},
	month = mar,
	year = {2018},
	note = {original-date: 2010-12-30T00:09:50Z},
}

@misc{atlas,
	title = {atlas: {In}-memory dimensional time series database},
	copyright = {Apache-2.0},
	shorttitle = {atlas},
	url = {https://github.com/Netflix/atlas},
	urldate = {2018-03-29},
	publisher = {Netflix, Inc.},
	month = mar,
	year = {2018},
	note = {original-date: 2014-08-05T05:23:04Z},
}

@misc{sonarqube,
	title = {Continuous {Code} {Quality} {\textbar} {SonarQube}},
	url = {https://www.sonarqube.org/},
	urldate = {2018-01-05}
}

@misc{icinga,
	title = {Icinga},
	url = {https://www.icinga.com/},
	abstract = {Open Source Monitoring},
	language = {en-US},
	urldate = {2018-03-31},
	journal = {Icinga}
}

@misc{jenkins,
	title = {Jenkins},
	url = {https://jenkins.io/index.html},
	abstract = {Jenkins – an open source automation server which enables developers around the world to reliably build, test, and deploy their software.},
	urldate = {2018-03-31},
	journal = {Jenkins}
}

@misc{jira,
	title = {Jira {\textbar} {Software} zur {Vorgangs}- und {Projektverfolgung}},
	url = {https://de.atlassian.com/software/jira},
	abstract = {In Jira kannst du deine agilen Softwareentwicklungsprojekte planen, nachverfolgen und verwalten. Individualisiere deinen Workflow, arbeite mit anderen zusammen und gib großartige Software frei.},
	language = {de-DE},
	urldate = {2018-03-31},
	journal = {Atlassian},
	author = {Atlassian}
}

@misc{bitbucket_server,
	title = {Bitbucket {Server}},
	url = {https://www.atlassian.com/software/bitbucket/server},
	abstract = {Bitbucket is the Git solution for growing professional teams that want manage their own instance.},
	language = {en},
	urldate = {2018-03-31},
	journal = {Atlassian},
	author = {Atlassian}
}

@misc{elastic_stack,
	title = {Elastic {Stack}},
	url = {https://www.elastic.co/de/products},
	abstract = {Elastic provides open source and commercial solutions designed to search, analyze, and visualize data. Explore Elastic's end-to-end data platform.},
	language = {de-de},
	urldate = {2018-03-31}
}

@misc{atlassian_playbook,
	title = {Atlassian {Team} {Playbook} - {Team} {Building} {Activities} that {Work}},
	url = {https://de.atlassian.com/team-playbook},
	abstract = {Vergiss Vertrauenssprünge und Kurse in Hochseilgärten! Mit diesen Teambuilding-Aktivitäten kannst du die "Get \$\#! Done™"-Einstellung und die Zusammenarbeit deines Teams verbessern.},
	language = {de-DE},
	urldate = {2018-06-30},
	journal = {Atlassian},
	author = {Atlassian}
}

# Bilder

@misc{scrum_framework,
	title = {The {Scrum} {Framework} {Poster} {\textbar} {Scrum}.org},
	url = {https://www.scrum.org/resources/scrum-framework-poster},
	urldate = {2018-04-01}
}

@misc{less_framework,
	title = {{LeSS} Overview Diagram},
	url = {https://less.works/img/LeSS-overview-diagram.png},
	urldate = {2018-06-06}
}

@misc{scrumatscale_framework,
	title = {{Scrum} at {Scale} {Framework} {\textbar} {SMPO} {Cycle}},
	url = {https://www.scrumatscale.com/wp-content/uploads/SMPO-Cycle.png},
	urldate = {2018-06-06}
}
